<record><leader>00000cas a2200000 i 4500</leader><controlfield tag="001">878703842</controlfield><controlfield tag="008">140430d19691973pau x n       |    0eng c</controlfield><datafield ind1=" " ind2=" " tag="010"><subfield code="a">  2014264018</subfield></datafield><datafield ind1=" " ind2=" " tag="040"><subfield code="a">UPM</subfield><subfield code="b">eng</subfield><subfield code="e">rda</subfield><subfield code="c">UPM</subfield><subfield code="d">UPM</subfield><subfield code="d">OCLCF</subfield></datafield><datafield ind1=" " ind2=" " tag="042"><subfield code="a">pcc</subfield></datafield><datafield ind1=" " ind2="4" tag="050"><subfield code="a">LH1.P45</subfield><subfield code="b">C36</subfield></datafield><datafield ind1="0" ind2="4" tag="245"><subfield code="a">The capitolist.</subfield></datafield><datafield ind1=" " ind2="1" tag="264"><subfield code="a">Middletown, Pa. :</subfield><subfield code="b">Capitol Campus,</subfield><subfield code="c">1969-1973.</subfield></datafield><datafield ind1=" " ind2=" " tag="300"><subfield code="a">10 volumes :</subfield><subfield code="b">illustrations</subfield></datafield><datafield ind1=" " ind2=" " tag="310"><subfield code="a">Irregular</subfield></datafield><datafield ind1=" " ind2=" " tag="336"><subfield code="a">text</subfield><subfield code="b">txt</subfield><subfield code="2">rdacontent</subfield></datafield><datafield ind1=" " ind2=" " tag="337"><subfield code="a">unmediated</subfield><subfield code="b">n</subfield><subfield code="2">rdamedia</subfield></datafield><datafield ind1=" " ind2=" " tag="338"><subfield code="a">volume</subfield><subfield code="b">nc</subfield><subfield code="2">rdacarrier</subfield></datafield><datafield ind1="1" ind2=" " tag="362"><subfield code="a">Began with Vol. 1, No. 1 (October 31, 1969); ceased with Vol. X, No. 10 (June 16, 1973).</subfield></datafield><datafield ind1=" " ind2=" " tag="515"><subfield code="a">Issue for May 26, 1971 called Vol. 3, no. 1, but constitutes Vol. 4, no. 5.</subfield></datafield><datafield ind1=" " ind2=" " tag="530"><subfield code="a">Issued also on microfilm and online by the Penn State University Libraries.</subfield></datafield><datafield ind1=" " ind2=" " tag="588"><subfield code="a">Description based on surrogate for: Vol. 1, No. 1 (October 31, 1969); title from caption.</subfield></datafield><datafield ind1=" " ind2=" " tag="588"><subfield code="a">Latest issue consulted: Vol. X, No. 7 (May 17, 1973) (surrogate).</subfield></datafield><datafield ind1="2" ind2="0" tag="610"><subfield code="a">Pennsylvania State University.</subfield><subfield code="b">Capitol Campus</subfield><subfield code="x">Students</subfield><subfield code="v">Newspapers.</subfield></datafield><datafield ind1=" " ind2="7" tag="655"><subfield code="a">Newspapers.</subfield><subfield code="2">fast</subfield><subfield code="0">(OCoLC)fst01423814</subfield></datafield><datafield ind1="2" ind2="7" tag="610"><subfield code="a">Pennsylvania State University.</subfield><subfield code="b">Capitol Campus.</subfield><subfield code="2">fast</subfield><subfield code="0">(OCoLC)fst01916122</subfield></datafield><datafield ind1=" " ind2="7" tag="650"><subfield code="a">Students.</subfield><subfield code="2">fast</subfield><subfield code="0">(OCoLC)fst01136041</subfield></datafield><datafield ind1="2" ind2=" " tag="710"><subfield code="a">Pennsylvania State University.</subfield><subfield code="b">Capitol Campus.</subfield></datafield><datafield ind1=" " ind2=" " tag="752"><subfield code="a">United States</subfield><subfield code="b">Pennsylvania</subfield><subfield code="c">Dauphin</subfield><subfield code="d">Middletown.</subfield></datafield><datafield ind1="0" ind2="0" tag="785"><subfield code="t">C.C. reader</subfield><subfield code="w">(DLC)  2014264020</subfield><subfield code="w">(OCoLC)878705815</subfield></datafield><datafield ind1="4" ind2="1" tag="856"><subfield code="u">http://digitalnewspapers.libraries.psu.edu/Default/Skins/harrisburg/Client.asp?skin=harrisburg&amp;AW=1328110679734&amp;AppName=2</subfield></datafield></record>